<record><leader>00000cas a22000007a 4500</leader><controlfield tag="001">17420100</controlfield><controlfield tag="008">880202d18571862ohuwr ne      0    0eng d</controlfield><datafield ind1=" " ind2=" " tag="010"><subfield code="a">sn 88077114 </subfield></datafield><datafield ind1=" " ind2=" " tag="040"><subfield code="a">ONP</subfield><subfield code="b">eng</subfield><subfield code="c">ONP</subfield><subfield code="d">OCLCQ</subfield><subfield code="d">FUG</subfield><subfield code="d">OCLCO</subfield><subfield code="d">OCLCF</subfield></datafield><datafield ind1=" " ind2=" " tag="042"><subfield code="a">msc</subfield></datafield><datafield ind1="0" ind2=" " tag="130"><subfield code="a">Piqua register (Piqua, Ohio : 1857)</subfield></datafield><datafield ind1="1" ind2="4" tag="245"><subfield code="a">The Piqua register.</subfield></datafield><datafield ind1=" " ind2=" " tag="260"><subfield code="a">Piqua, Ohio :</subfield><subfield code="b">Writer &amp; Brading</subfield></datafield><datafield ind1=" " ind2=" " tag="310"><subfield code="a">Weekly</subfield></datafield><datafield ind1="1" ind2=" " tag="362"><subfield code="a">Began in 1857? Ceased in 1862.</subfield></datafield><datafield ind1=" " ind2=" " tag="588"><subfield code="a">Description based on: Vol. 38, no. 7 (Jan. 7, 1858).</subfield></datafield><datafield ind1=" " ind2="0" tag="651"><subfield code="a">Piqua (Miami County, Ohio)</subfield><subfield code="v">Newspapers.</subfield></datafield><datafield ind1=" " ind2="7" tag="655"><subfield code="a">Newspapers.</subfield><subfield code="2">fast</subfield><subfield code="0">(OCoLC)fst01423814</subfield></datafield><datafield ind1=" " ind2="7" tag="651"><subfield code="a">Ohio</subfield><subfield code="z">Piqua (Miami County)</subfield><subfield code="2">fast</subfield><subfield code="0">(OCoLC)fst01313977</subfield></datafield><datafield ind1=" " ind2=" " tag="752"><subfield code="a">United States</subfield><subfield code="b">Ohio</subfield><subfield code="c">Miami</subfield><subfield code="d">Piqua.</subfield></datafield><datafield ind1="0" ind2="0" tag="780"><subfield code="t">Piqua weekly register</subfield><subfield code="w">(DLC)sn 85026198</subfield></datafield></record>